@misc{he2015deep,
      title={Deep Residual Learning for Image Recognition}, 
      author={Kaiming He and Xiangyu Zhang and Shaoqing Ren and Jian Sun},
      year={2015},
      eprint={1512.03385},
      archivePrefix={arXiv},
      primaryClass={cs.CV}
}

@misc{dosovitskiy2021image,
      title={An Image is Worth 16x16 Words: Transformers for Image Recognition at Scale}, 
      author={Alexey Dosovitskiy and Lucas Beyer and Alexander Kolesnikov and Dirk Weissenborn and Xiaohua Zhai and Thomas Unterthiner and Mostafa Dehghani and Matthias Minderer and Georg Heigold and Sylvain Gelly and Jakob Uszkoreit and Neil Houlsby},
      year={2021},
      eprint={2010.11929},
      archivePrefix={arXiv},
      primaryClass={cs.CV}
}


@article{xu2023comprehensive,
  title={A comprehensive survey of image augmentation techniques for deep learning},
  author={Xu, Mingle and Yoon, Sook and Fuentes, Alvaro and Park, Dong Sun},
  journal={Pattern Recognition},
  volume={137},
  pages={109347},
  year={2023},
  publisher={Elsevier}
}



@article{shorten2019survey,
  title={A survey on image data augmentation for deep learning},
  author={Shorten, Connor and Khoshgoftaar, Taghi M},
  journal={Journal of big data},
  volume={6},
  number={1},
  pages={1--48},
  year={2019},
  publisher={Springer}
}


@article{sola1997importance,
  title={Importance of input data normalization for the application of neural networks to complex industrial problems},
  author={Sola, Jorge and Sevilla, Joaquin},
  journal={IEEE Transactions on nuclear science},
  volume={44},
  number={3},
  pages={1464--1468},
  year={1997},
  publisher={IEEE}
}


@article{shao2020normalization,
  title={Is normalization indispensable for training deep neural network?},
  author={Shao, Jie and Hu, Kai and Wang, Changhu and Xue, Xiangyang and Raj, Bhiksha},
  journal={Advances in Neural Information Processing Systems},
  volume={33},
  pages={13434--13444},
  year={2020}
}

@article{article,
author = {Ramzan, Farheen and Khan, Muhammad Usman and Rehmat, Asim and Iqbal, Sajid and Saba, Tanzila and Rehman, Amjad and Mehmood, Zahid},
year = {2019},
month = {12},
pages = {},
title = {A Deep Learning Approach for Automated Diagnosis and Multi-Class Classification of Alzheimerâ€™s Disease Stages Using Resting-State fMRI and Residual Neural Networks},
volume = {44},
journal = {Journal of Medical Systems},
doi = {10.1007/s10916-019-1475-2}
}



@inproceedings{wang2017blur,
  title={Blur image classification based on deep learning},
  author={Wang, Rui and Li, Wei and Qin, Runnan and Wu, JinZhong},
  booktitle={2017 IEEE International Conference on Imaging Systems and Techniques (IST)},
  pages={1--6},
  year={2017},
  organization={IEEE}
}


@article{guo2021non,
  title={Non-contact vibration sensor using deep learning and image processing},
  author={Guo, Jinquan and Wu, Xinran and Liu, Jiantao and Wei, Tieping and Yang, Xiaoxiang and Yang, Xinyi and He, Bingwei and Zhang, Weihao},
  journal={Measurement},
  volume={183},
  pages={109823},
  year={2021},
  publisher={Elsevier}
}

@article{e3d666ae39a5492cb024b4bd050beed2,
title = "AI in Medical Imaging Informatics: Current Challenges and Future Directions",
author = "Panayides, {Andreas S.} and Amir Amini and Filipovic, {Nenad D.} and Ashish Sharma and Tsaftaris, {Sotirios A.} and Alistair Young and David Foran and Nhan Do and Spyretta Golemati and Tahsin Kurc and Kun Huang and Nikita, {Konstantina S.} and Veasey, {Ben P.} and Michalis Zervakis and Saltz, {Joel H.} and Pattichis, {Constantinos S.}",
note = "Publisher Copyright: {\textcopyright} 2013 IEEE.",
year = "2020",
month = jul,
doi = "10.1109/JBHI.2020.2991043",
language = "English (US)",
volume = "24",
pages = "1837--1857",
journal = "IEEE Journal of Biomedical and Health Informatics",
issn = "2168-2194",
publisher = "Institute of Electrical and Electronics Engineers Inc.",
number = "7",
}


@inproceedings{sun2017revisiting,
  title={Revisiting unreasonable effectiveness of data in deep learning era},
  author={Sun, Chen and Shrivastava, Abhinav and Singh, Saurabh and Gupta, Abhinav},
  booktitle={Proceedings of the IEEE international conference on computer vision},
  pages={843--852},
  year={2017}
}


@article{ShifatERabbi2019CellIC,
  title={Cell Image Classification: A Comparative Overview},
  author={Mohammad Shifat-E.-Rabbi and Xuwang Yin and Cailey E. Fitzgerald and Gustavo Kunde Rohde},
  journal={Cytometry Part A},
  year={2019},
  volume={97},
  url={https://api.semanticscholar.org/CorpusID:182952418}
}


@article{6fd805a257464dcc92460b6cf9dcee63,
title = "Methods for detecting circulating cancer stem cells (CCSCs) as a novel approach for diagnosis of colon cancer relapse/metastasis",
author = "Carla Kantara and O'Connell, {Malaney Ravae} and Gurinder Luthra and Aakash Gajjar and Shubhashish Sarkar and Ullrich, {Robert Leo} and Pomila Singh",
note = "Publisher Copyright: {\textcopyright} 2015 USCAP, Inc All rights reserved.",
year = "2015",
month = jan,
day = "31",
doi = "10.1038/labinvest.2014.133",
language = "English (US)",
volume = "95",
pages = "100--112",
journal = "Laboratory Investigation",
issn = "0023-6837",
publisher = "Nature Publishing Group",
number = "1",
}
